

@book{Dem04,
  author         = {Eugene Demidenko},
  publisher      = {Wiley},
  title          = {Mixed Models: Theory and Applications},
  year           = {2004}
}


@misc{Wal24,
  author       = {Steven C. Walker and Rune Haubo Bojesen Christensen and Douglas Bates and Benjamin M. Bolker and Martin M\"{a}chler},
  howpublished = {\url{https://github.com/lme4/lme4/blob/master/misc/glmer_JSS/glmer.pdf}},
  title        = {Fitting generalized linear mixed-effects models using \texttt{lme4}},
  year         = {2024}
}

@book{McC89,
  author         = {P. McCullagh and J. A. Nelder},
  publisher      = {Chapman \& Hall/CRC},
  title          = {Generalized Linear Models},
  year           = {1989},
  edition        = {2nd},
}

@Manual{Wei23,
title = {\texttt{mvQuad}: Methods for Multivariate Quadrature.},
author = {Constantin Weiser},
year = {2023},
note = { (R package version 1.0-8)},
url = {https://CRAN.R-project.org/package=mvQuad},
}

@article{Mae24,
  author          = {Luca Maestrini and Francis K. C. Hui and Alan H. Welsh},
  journal         = {arXiv},
  number          = {2402.12719},
  title           = {Restricted maximum likelihood estimation in generalized linear models},
  year            = {2024}
}